Region,Product_Category,Product_Type,Month,Revenue,Discount,Shipping_Cost,Orders
AFRICA,APPAREL,JACKETS & VESTS,2023-05,1431,100.17,153,9
AFRICA,APPAREL,JACKETS & VESTS,2023-06,150,13.5,57,3
AFRICA,APPAREL,JACKETS & VESTS,2023-09,1270,76.2,120,10
AFRICA,APPAREL,OTHER,2021-09,852,8.52,132,12
AFRICA,APPAREL,OTHER,2022-07,195,27.3,180,15
AFRICA,APPAREL,OTHER,2024-11,600,24,64,8
AFRICA,APPAREL,PANTS & SHORTS,2022-07,1805,234.65,190,19
AFRICA,APPAREL,PANTS & SHORTS,2022-08,516,46.44,72,6
AFRICA,APPAREL,PANTS & SHORTS,2022-11,240,26.4,14,2
AFRICA,APPAREL,SHIRTS,2024-05,760,15.2,220,20
AFRICA,APPAREL,TOPS,2022-03,270,0,300,15
AFRICA,APPAREL,TOPS,2022-11,182,3.64,42,7
AFRICA,APPAREL,TOPS,2023-11,369,51.66,180,9
AFRICA,APPAREL,TOPS,2024-01,660,52.8,110,11
AFRICA,APPAREL,UNDERWEAR & BASE LAYERS,2021-06,168,6.72,152,8
AFRICA,CAMPING & HIKING,BIVYS,2024-07,1640,246,140,10
AFRICA,CAMPING & HIKING,COOKWARE,2022-04,915,9.15,180,15
AFRICA,CAMPING & HIKING,DAYPACKS,2022-01,1162,81.34,224,14
AFRICA,CAMPING & HIKING,DAYPACKS,2024-09,780,93.6,208,13
AFRICA,CAMPING & HIKING,EXTENDED TRIP PACKS,2021-07,7581,682.29,304,19
AFRICA,CAMPING & HIKING,FAMILY CAMPING TENTS,2022-06,3258,293.22,90,9
AFRICA,CAMPING & HIKING,HAMMOCKS,2021-01,735,88.2,65,5
AFRICA,CAMPING & HIKING,HAMMOCKS,2024-02,1260,63,320,20
AFRICA,CAMPING & HIKING,HYDRATION PACKS,2021-05,294,29.4,57,3
AFRICA,CAMPING & HIKING,HYDRATION PACKS,2022-11,1568,188.16,70,14
AFRICA,CAMPING & HIKING,HYDRATION PACKS,2023-02,1134,113.4,90,18
AFRICA,CAMPING & HIKING,LINERS,2021-08,33,4.62,57,3
AFRICA,CAMPING & HIKING,LINERS,2022-03,144,21.6,117,9
AFRICA,CAMPING & HIKING,OTHER,2021-05,96,2.88,34,2
AFRICA,CAMPING & HIKING,OTHER,2021-12,460,13.8,35,5
AFRICA,CAMPING & HIKING,OTHER,2023-08,112,16.8,36,4
AFRICA,CAMPING & HIKING,OTHER,2024-01,68,8.84,40,2
AFRICA,CAMPING & HIKING,SHELTERS & TARPS,2024-09,135,17.55,7,1
AFRICA,CAMPING & HIKING,SLEEPING PADS,2022-07,1160,46.4,260,20
AFRICA,CAMPING & HIKING,STOVES,2022-10,450,9,110,10
AFRICA,CAMPING & HIKING,STOVES,2023-12,88,9.68,56,4
AFRICA,CAMPING & HIKING,UTENSILS & ACCESSORIES,2022-08,296,17.76,120,8
AFRICA,CAMPING & HIKING,UTENSILS & ACCESSORIES,2024-12,190,3.8,25,5
AFRICA,CLIMBING,CARABINERS & QUICKDRAWS,2021-01,5,0,7,1
AFRICA,CLIMBING,CARABINERS & QUICKDRAWS,2023-06,155,0,40,5
AFRICA,CLIMBING,CLIMBING SHOES,2022-06,760,91.2,36,4
AFRICA,CLIMBING,CLIMBING SHOES,2023-03,522,46.98,72,6
AFRICA,CLIMBING,CLIMBING SHOES,2024-05,1969,78.76,176,11
AFRICA,CLIMBING,CRAMPONS,2022-11,546,0,60,3
AFRICA,CLIMBING,HARNESSES,2021-11,234,25.74,36,3
AFRICA,CLIMBING,HELMETS,2022-03,1875,168.75,165,15
AFRICA,CLIMBING,HELMETS,2022-08,249,7.47,33,3
AFRICA,CLIMBING,ICE AXES,2022-09,198,5.94,40,2
AFRICA,CLIMBING,ICE AXES,2023-01,2970,148.5,100,10
AFRICA,CLIMBING,ICE AXES,2023-10,2550,331.5,153,17
AFRICA,CLIMBING,MOUNTAINEERING BOOTS,2022-10,2205,0,65,5
AFRICA,CLIMBING,MOUNTAINEERING BOOTS,2024-06,2376,261.36,204,12
AFRICA,CLIMBING,ROPES & SLINGS,2023-05,2409,24.09,154,11
AFRICA,CLIMBING,TRAINING EQUIPMENT,2021-02,574,68.88,84,14
AFRICA,CLIMBING,TRAINING EQUIPMENT,2024-11,1014,101.4,117,13
AFRICA,FOOTWEAR,HIKING BOOTS,2021-12,610,61,170,10
AFRICA,FOOTWEAR,HIKING BOOTS,2022-02,1584,142.56,153,9
AFRICA,FOOTWEAR,HIKING BOOTS,2023-02,700,84,119,7
AFRICA,FOOTWEAR,HIKING BOOTS,2023-11,3285,197.1,225,15
AFRICA,FOOTWEAR,OTHER,2021-02,744,14.88,56,8
AFRICA,FOOTWEAR,OTHER,2021-07,960,67.2,176,16
AFRICA,FOOTWEAR,OTHER,2021-12,82,10.66,16,2
AFRICA,FOOTWEAR,OTHER,2022-09,1180,118,280,20
AFRICA,FOOTWEAR,SANDALS,2021-03,330,6.6,187,11
AFRICA,FOOTWEAR,SANDALS,2021-04,792,31.68,228,12
AFRICA,FOOTWEAR,SANDALS,2021-12,198,13.86,60,6
AFRICA,FOOTWEAR,SANDALS,2022-07,450,45,200,10
AFRICA,FOOTWEAR,SANDALS,2022-09,165,0,45,3
AFRICA,FOOTWEAR,SANDALS,2023-06,690,13.8,150,15
AFRICA,FOOTWEAR,SANDALS,2023-07,475,14.25,304,19
AFRICA,FOOTWEAR,TRAIL SHOES,2022-02,470,23.5,40,5
AFRICA,FOOTWEAR,TRAIL SHOES,2022-06,889,62.23,70,7
AFRICA,FOOTWEAR,TRAIL SHOES,2023-06,2280,342,190,19
AFRICA,FOOTWEAR,WINTER BOOTS,2023-05,1995,259.35,225,15
AFRICA,FOOTWEAR,WINTER BOOTS,2023-09,3000,240,210,15
AFRICA,TRAVEL,DUFFEL BAGS,2021-05,1972,0,306,17
AFRICA,TRAVEL,DUFFEL BAGS,2023-08,408,53.04,160,8
AFRICA,TRAVEL,OTHER,2022-12,85,0.85,45,5
AFRICA,TRAVEL,OTHER,2024-01,800,112,360,20
AFRICA,TRAVEL,PACKING ORGANIZERS,2021-05,315,15.75,42,7
AFRICA,TRAVEL,PACKING ORGANIZERS,2022-05,464,51.04,272,16
AFRICA,TRAVEL,PACKING ORGANIZERS,2024-03,765,30.6,289,17
AFRICA,TRAVEL,PACKING ORGANIZERS,2024-07,855,128.25,209,19
AFRICA,TRAVEL,SECURITY,2021-12,1600,208,240,16
AFRICA,TRAVEL,TRAVEL ACCESSORIES,2021-01,348,20.88,84,12
AFRICA,TRAVEL,TRAVEL ACCESSORIES,2021-08,177,8.85,15,3
AFRICA,TRAVEL,TRAVEL ACCESSORIES,2022-02,99,6.93,108,9
AFRICA,TRAVEL,TRAVEL ACCESSORIES,2023-04,414,0,36,6
AFRICA,TRAVEL,TRAVEL ACCESSORIES,2023-05,544,65.28,323,17
AFRICA,TRAVEL,TRAVEL BACKPACKS,2021-05,285,14.25,95,5
AFRICA,TRAVEL,TRAVEL BACKPACKS,2022-07,1539,169.29,153,9
AFRICA,TRAVEL,TRAVEL PILLOWS,2022-03,420,58.8,224,14
AFRICA,WATER SPORTS,ACCESSORIES,2021-07,504,15.12,196,14
AFRICA,WATER SPORTS,ACCESSORIES,2021-10,406,16.24,140,14
AFRICA,WATER SPORTS,ACCESSORIES,2023-05,938,112.56,182,14
AFRICA,WATER SPORTS,ACCESSORIES,2024-05,703,7.03,342,19
AFRICA,WATER SPORTS,ACCESSORIES,2024-06,1118,89.44,78,13
AFRICA,WATER SPORTS,CANOES,2022-10,10930,437.2,80,10
AFRICA,WATER SPORTS,KAYAKS,2021-01,1074,42.96,45,3
AFRICA,WATER SPORTS,KAYAKS,2021-03,11271,1239.81,153,17
AFRICA,WATER SPORTS,KAYAKS,2023-03,5620,449.6,90,10
AFRICA,WATER SPORTS,KAYAKS,2024-02,11154,111.54,91,13
AFRICA,WATER SPORTS,OTHER,2022-03,672,13.44,132,12
AFRICA,WATER SPORTS,OTHER,2023-04,1360,122.4,288,16
AFRICA,WATER SPORTS,OTHER,2024-10,330,0,176,11
AFRICA,WATER SPORTS,PADDLES,2021-12,256,28.16,76,4
AFRICA,WATER SPORTS,RASH GUARDS,2022-05,741,111.15,169,13
AFRICA,WATER SPORTS,RASH GUARDS,2023-11,600,54,300,15
AFRICA,WATER SPORTS,RASH GUARDS,2024-01,122,7.32,10,2
AFRICA,WATER SPORTS,RODS & REELS,2024-01,852,85.2,204,12
AFRICA,WATER SPORTS,SAFETY GEAR,2023-04,442,30.94,208,13
AFRICA,WATER SPORTS,SURF ACCESSORIES,2021-10,517,36.19,88,11
AFRICA,WATER SPORTS,SURF ACCESSORIES,2024-06,795,103.35,210,15
AFRICA,WATER SPORTS,SURF ACCESSORIES,2024-07,160,24,96,16
AFRICA,WATER SPORTS,SURFBOARDS,2021-10,1430,114.4,14,2
AFRICA,WATER SPORTS,SURFBOARDS,2022-03,2334,140.04,27,3
AFRICA,WATER SPORTS,SURFBOARDS,2024-07,5940,178.2,285,15
AFRICA,WATER SPORTS,WADERS,2023-04,2992,179.52,288,16
AFRICA,WATER SPORTS,WETSUITS,2023-01,1616,96.96,88,8
AFRICA,WATER SPORTS,WETSUITS,2024-02,1820,91,70,7
AFRICA,WINTER SPORTS,ACCESSORIES,2022-11,592,65.12,104,8
AFRICA,WINTER SPORTS,HELMETS,2023-10,376,0,144,8
AFRICA,WINTER SPORTS,OTHER,2021-02,602,0,63,7
AFRICA,WINTER SPORTS,OTHER,2022-09,544,10.88,240,16
AFRICA,WINTER SPORTS,OTHER,2024-10,28,1.12,16,1
AFRICA,WINTER SPORTS,POLES,2024-04,728,36.4,266,14
AFRICA,WINTER SPORTS,POLES,2024-09,1159,23.18,361,19
AFRICA,WINTER SPORTS,SKI BINDINGS,2023-07,2574,231.66,182,13
AFRICA,WINTER SPORTS,SKI BOOTS,2021-01,7657,459.42,209,19
AFRICA,WINTER SPORTS,SKI BOOTS,2022-09,3560,71.2,380,20
AFRICA,WINTER SPORTS,SKI POLES,2021-11,1022,61.32,182,14
AFRICA,WINTER SPORTS,SKI POLES,2022-10,642,32.1,90,6
AFRICA,WINTER SPORTS,SKI POLES,2023-04,1032,61.92,156,12
AFRICA,WINTER SPORTS,SKI POLES,2024-03,1980,79.2,216,18
AFRICA,WINTER SPORTS,SKIS,2022-02,6972,976.08,98,14
AFRICA,WINTER SPORTS,SNOWBOARD BOOTS,2021-06,760,0,36,4
AFRICA,WINTER SPORTS,SNOWBOARD BOOTS,2022-03,1221,48.84,66,11
AFRICA,WINTER SPORTS,SNOWBOARDS,2023-12,3650,182.5,100,10
AFRICA,WINTER SPORTS,SNOWSHOES,2023-02,1952,97.6,128,16
ASIA-PACIFIC,APPAREL,JACKETS & VESTS,2021-01,3600,432,220,20
ASIA-PACIFIC,APPAREL,JACKETS & VESTS,2023-04,1617,32.34,165,11
ASIA-PACIFIC,APPAREL,OTHER,2024-01,792,7.92,143,11
ASIA-PACIFIC,APPAREL,PANTS & SHORTS,2021-12,106,14.84,14,2
ASIA-PACIFIC,APPAREL,PANTS & SHORTS,2022-02,627,0,285,19
ASIA-PACIFIC,APPAREL,PANTS & SHORTS,2022-04,1027,61.62,208,13
ASIA-PACIFIC,APPAREL,SHIRTS,2021-10,570,51.3,190,19
ASIA-PACIFIC,APPAREL,SHIRTS,2022-07,1080,86.4,75,15
ASIA-PACIFIC,APPAREL,TOPS,2021-07,972,0,234,18
ASIA-PACIFIC,APPAREL,TOPS,2021-12,596,10.16,69,12
ASIA-PACIFIC,APPAREL,TOPS,2024-06,40,0.8,14,2
ASIA-PACIFIC,APPAREL,UNDERWEAR & BASE LAYERS,2021-04,448,4.48,154,14
ASIA-PACIFIC,APPAREL,UNDERWEAR & BASE LAYERS,2022-03,338,3.38,78,13
ASIA-PACIFIC,APPAREL,UNDERWEAR & BASE LAYERS,2023-11,714,49.98,221,17
ASIA-PACIFIC,APPAREL,UNDERWEAR & BASE LAYERS,2024-11,1086,48.88,387,23
ASIA-PACIFIC,CAMPING & HIKING,BACKPACKING TENTS,2022-03,4731,709.65,152,19
ASIA-PACIFIC,CAMPING & HIKING,BIVYS,2024-01,760,91.2,150,10
ASIA-PACIFIC,CAMPING & HIKING,COOKWARE,2023-03,496,54.56,136,8
ASIA-PACIFIC,CAMPING & HIKING,COOKWARE,2024-05,69,8.28,33,3
ASIA-PACIFIC,CAMPING & HIKING,FAMILY CAMPING TENTS,2022-06,6144,552.96,144,8
ASIA-PACIFIC,CAMPING & HIKING,FAMILY CAMPING TENTS,2022-08,1235,61.75,80,5
ASIA-PACIFIC,CAMPING & HIKING,FOOD & NUTRITION,2022-03,147,17.64,140,7
ASIA-PACIFIC,CAMPING & HIKING,HAMMOCKS,2021-10,139,0,10,1
ASIA-PACIFIC,CAMPING & HIKING,LINERS,2023-09,345,20.7,195,15
ASIA-PACIFIC,CAMPING & HIKING,OTHER,2022-12,49,0.98,56,7
ASIA-PACIFIC,CAMPING & HIKING,OVERNIGHT PACKS,2021-12,2390,310.7,60,10
ASIA-PACIFIC,CAMPING & HIKING,SHELTERS & TARPS,2021-06,1246,12.46,133,7
ASIA-PACIFIC,CAMPING & HIKING,SLEEPING PADS,2024-06,1573,235.95,104,13
ASIA-PACIFIC,CAMPING & HIKING,UTENSILS & ACCESSORIES,2024-11,560,56,200,20
ASIA-PACIFIC,CLIMBING,AVALANCHE SAFETY,2022-06,456,13.68,28,2
ASIA-PACIFIC,CLIMBING,AVALANCHE SAFETY,2024-11,728,80.08,24,4
ASIA-PACIFIC,CLIMBING,CARABINERS & QUICKDRAWS,2024-11,504,40.32,108,18
ASIA-PACIFIC,CLIMBING,CHALK & CHALK BAGS,2021-05,364,29.12,182,14
ASIA-PACIFIC,CLIMBING,CHALK & CHALK BAGS,2021-08,21,0.42,8,1
ASIA-PACIFIC,CLIMBING,CHALK & CHALK BAGS,2022-05,234,18.72,90,18
ASIA-PACIFIC,CLIMBING,CHALK & CHALK BAGS,2023-05,30,0.3,114,6
ASIA-PACIFIC,CLIMBING,CLIMBING SHOES,2024-04,2960,325.6,192,16
ASIA-PACIFIC,CLIMBING,CRAMPONS,2021-08,5716,288.98,290,24
ASIA-PACIFIC,CLIMBING,CRAMPONS,2022-10,2412,168.84,54,9
ASIA-PACIFIC,CLIMBING,CRAMPONS,2023-02,239,28.68,14,1
ASIA-PACIFIC,CLIMBING,CRAMPONS,2024-11,639,0,33,3
ASIA-PACIFIC,CLIMBING,HARNESSES,2022-06,2822,310.42,187,17
ASIA-PACIFIC,CLIMBING,HARNESSES,2024-10,2184,196.56,247,13
ASIA-PACIFIC,CLIMBING,HELMETS,2022-02,576,57.6,24,4
ASIA-PACIFIC,CLIMBING,HELMETS,2022-07,255,30.6,60,3
ASIA-PACIFIC,CLIMBING,ICE AXES,2023-05,732,21.96,36,3
ASIA-PACIFIC,CLIMBING,MOUNTAINEERING BOOTS,2023-04,1070,160.5,55,5
ASIA-PACIFIC,CLIMBING,MOUNTAINEERING BOOTS,2023-05,1580,15.8,24,4
ASIA-PACIFIC,CLIMBING,MOUNTAINEERING BOOTS,2024-12,2460,270.6,120,12
ASIA-PACIFIC,CLIMBING,OTHER,2021-11,319,12.76,143,11
ASIA-PACIFIC,CLIMBING,OTHER,2024-01,736,44.16,320,16
ASIA-PACIFIC,CLIMBING,OTHER,2024-08,150,16.5,60,6
ASIA-PACIFIC,CLIMBING,ROPES & SLINGS,2021-09,546,54.6,42,7
ASIA-PACIFIC,CLIMBING,ROPES & SLINGS,2022-05,4210,189.52,326,20
ASIA-PACIFIC,CLIMBING,ROPES & SLINGS,2022-10,2310,23.1,168,14
ASIA-PACIFIC,CLIMBING,ROPES & SLINGS,2022-11,462,46.2,20,2
ASIA-PACIFIC,CLIMBING,ROPES & SLINGS,2024-03,420,46.2,34,2
ASIA-PACIFIC,CLIMBING,TRAINING EQUIPMENT,2023-04,1921,38.42,238,17
ASIA-PACIFIC,CLIMBING,TRAINING EQUIPMENT,2023-11,572,80.08,143,11
ASIA-PACIFIC,FOOTWEAR,HIKING BOOTS,2022-10,2603,182.21,342,19
ASIA-PACIFIC,FOOTWEAR,OTHER,2021-09,225,6.75,18,3
ASIA-PACIFIC,FOOTWEAR,OTHER,2022-07,485,72.75,60,5
ASIA-PACIFIC,FOOTWEAR,OTHER,2023-09,141,16.92,36,3
ASIA-PACIFIC,FOOTWEAR,OTHER,2023-10,2095,158.05,155,31
ASIA-PACIFIC,FOOTWEAR,OTHER,2023-12,506,10.12,176,11
ASIA-PACIFIC,FOOTWEAR,SANDALS,2021-03,1380,69,240,20
ASIA-PACIFIC,FOOTWEAR,SANDALS,2022-04,374,56.1,176,11
ASIA-PACIFIC,FOOTWEAR,SANDALS,2023-04,559,33.54,156,13
ASIA-PACIFIC,FOOTWEAR,SANDALS,2023-12,636,50.88,168,12
ASIA-PACIFIC,FOOTWEAR,SANDALS,2024-07,80,2.4,19,1
ASIA-PACIFIC,FOOTWEAR,SANDALS,2024-11,364,50.96,133,7
ASIA-PACIFIC,FOOTWEAR,TRAIL SHOES,2023-04,1905,228.6,300,15
ASIA-PACIFIC,FOOTWEAR,TRAIL SHOES,2023-05,477,9.54,54,9
ASIA-PACIFIC,FOOTWEAR,TRAIL SHOES,2023-06,1474,162.14,154,11
ASIA-PACIFIC,FOOTWEAR,TRAIL SHOES,2024-05,1905,190.5,255,15
ASIA-PACIFIC,FOOTWEAR,WINTER BOOTS,2022-03,187,20.57,16,1
ASIA-PACIFIC,FOOTWEAR,WINTER BOOTS,2023-10,2466,197.28,342,18
ASIA-PACIFIC,FOOTWEAR,WINTER BOOTS,2024-12,294,5.88,24,2
ASIA-PACIFIC,TRAVEL,CARRY-ONS,2021-03,1072,64.32,304,16
ASIA-PACIFIC,TRAVEL,CARRY-ONS,2021-09,1540,77,176,11
ASIA-PACIFIC,TRAVEL,CARRY-ONS,2021-12,1792,89.6,96,16
ASIA-PACIFIC,TRAVEL,CARRY-ONS,2023-09,54,3.78,15,1
ASIA-PACIFIC,TRAVEL,CARRY-ONS,2024-10,1738,34.76,132,11
ASIA-PACIFIC,TRAVEL,DUFFEL BAGS,2021-11,852,34.08,228,12
ASIA-PACIFIC,TRAVEL,DUFFEL BAGS,2022-10,817,16.34,380,19
ASIA-PACIFIC,TRAVEL,DUFFEL BAGS,2022-11,888,71.04,204,12
ASIA-PACIFIC,TRAVEL,EYE MASKS,2022-09,128,19.2,192,16
ASIA-PACIFIC,TRAVEL,EYE MASKS,2023-12,180,18,90,18
ASIA-PACIFIC,TRAVEL,EYE MASKS,2024-06,394,50.1,150,24
ASIA-PACIFIC,TRAVEL,EYE MASKS,2024-11,252,30.24,168,14
ASIA-PACIFIC,TRAVEL,OTHER,2021-11,720,86.4,300,20
ASIA-PACIFIC,TRAVEL,OTHER,2023-08,350,0,112,14
ASIA-PACIFIC,TRAVEL,OTHER,2024-01,272,29.92,204,17
ASIA-PACIFIC,TRAVEL,PACKING ORGANIZERS,2021-03,93,13.95,15,3
ASIA-PACIFIC,TRAVEL,PACKING ORGANIZERS,2021-07,312,0,168,12
ASIA-PACIFIC,TRAVEL,PACKING ORGANIZERS,2022-04,108,10.8,30,6
ASIA-PACIFIC,TRAVEL,PACKING ORGANIZERS,2024-12,500,45,80,10
ASIA-PACIFIC,TRAVEL,SECURITY,2021-06,159,4.77,27,3
ASIA-PACIFIC,TRAVEL,SECURITY,2023-11,776,62.08,96,8
ASIA-PACIFIC,TRAVEL,SECURITY,2023-12,234,35.1,108,18
ASIA-PACIFIC,TRAVEL,TRAVEL ACCESSORIES,2022-02,300,15,114,6
ASIA-PACIFIC,TRAVEL,TRAVEL ACCESSORIES,2022-12,1387,166.44,114,19
ASIA-PACIFIC,TRAVEL,TRAVEL ACCESSORIES,2023-04,224,29.12,272,16
ASIA-PACIFIC,TRAVEL,TRAVEL ACCESSORIES,2024-02,752,15.04,144,16
ASIA-PACIFIC,TRAVEL,TRAVEL ACCESSORIES,2024-04,336,6.72,80,16
ASIA-PACIFIC,TRAVEL,TRAVEL ACCESSORIES,2024-05,345,10.35,150,15
ASIA-PACIFIC,TRAVEL,TRAVEL BACKPACKS,2022-04,2108,0,238,17
ASIA-PACIFIC,TRAVEL,TRAVEL BACKPACKS,2023-02,870,52.2,160,10
ASIA-PACIFIC,TRAVEL,TRAVEL PILLOWS,2021-10,500,75,380,20
ASIA-PACIFIC,TRAVEL,TRAVEL PILLOWS,2022-12,280,0,210,14
ASIA-PACIFIC,WATER SPORTS,ACCESSORIES,2021-01,1056,63.36,187,11
ASIA-PACIFIC,WATER SPORTS,CANOES,2021-06,6564,787.68,192,12
ASIA-PACIFIC,WATER SPORTS,CANOES,2024-04,17820,1960.2,120,15
ASIA-PACIFIC,WATER SPORTS,OTHER,2021-10,52,3.12,14,2
ASIA-PACIFIC,WATER SPORTS,OTHER,2022-11,42,4.62,24,2
ASIA-PACIFIC,WATER SPORTS,PADDLES,2021-02,900,72,90,18
ASIA-PACIFIC,WATER SPORTS,PADDLES,2021-05,522,20.88,180,18
ASIA-PACIFIC,WATER SPORTS,PADDLES,2022-04,1116,0,120,12
ASIA-PACIFIC,WATER SPORTS,RASH GUARDS,2024-05,656,85.28,304,16
ASIA-PACIFIC,WATER SPORTS,RODS & REELS,2022-12,957,47.85,165,11
ASIA-PACIFIC,WATER SPORTS,RODS & REELS,2024-01,1246,161.98,168,14
ASIA-PACIFIC,WATER SPORTS,RODS & REELS,2024-11,540,81,108,12
ASIA-PACIFIC,WATER SPORTS,SAFETY GEAR,2024-03,147,2.94,84,7
ASIA-PACIFIC,WATER SPORTS,SURF ACCESSORIES,2022-07,147,5.88,133,7
ASIA-PACIFIC,WATER SPORTS,TACKLE,2024-08,42,3.36,28,2
ASIA-PACIFIC,WATER SPORTS,WADERS,2023-09,870,78.3,70,10
ASIA-PACIFIC,WATER SPORTS,WETSUITS,2021-02,325,29.25,60,5
ASIA-PACIFIC,WATER SPORTS,WETSUITS,2024-05,4878,48.78,126,18
ASIA-PACIFIC,WINTER SPORTS,ACCESSORIES,2021-02,880,35.2,209,11
ASIA-PACIFIC,WINTER SPORTS,ACCESSORIES,2023-08,106,3.18,28,2
ASIA-PACIFIC,WINTER SPORTS,ACCESSORIES,2023-11,38,3.42,13,1
ASIA-PACIFIC,WINTER SPORTS,BINDINGS,2022-03,5605,56.05,228,19
ASIA-PACIFIC,WINTER SPORTS,HELMETS,2021-05,131,0,18,1
ASIA-PACIFIC,WINTER SPORTS,HELMETS,2022-09,670,6.7,75,5
ASIA-PACIFIC,WINTER SPORTS,HELMETS,2024-04,1937,19.37,65,13
ASIA-PACIFIC,WINTER SPORTS,OTHER,2024-10,1540,15.4,360,20
ASIA-PACIFIC,WINTER SPORTS,SKI BINDINGS,2021-10,2620,393,110,10
ASIA-PACIFIC,WINTER SPORTS,SKI BINDINGS,2022-04,4590,688.5,272,17
ASIA-PACIFIC,WINTER SPORTS,SKI BINDINGS,2022-05,1254,12.54,78,6
ASIA-PACIFIC,WINTER SPORTS,SKI BINDINGS,2022-12,980,78.4,80,5
ASIA-PACIFIC,WINTER SPORTS,SKI BINDINGS,2024-09,5920,769.6,300,20
ASIA-PACIFIC,WINTER SPORTS,SKI BOOTS,2022-01,2299,298.87,154,11
ASIA-PACIFIC,WINTER SPORTS,SKI BOOTS,2024-06,1205,84.35,70,5
ASIA-PACIFIC,WINTER SPORTS,SKI POLES,2022-08,1440,144,100,20
ASIA-PACIFIC,WINTER SPORTS,SKI POLES,2022-11,1880,131.6,380,20
ASIA-PACIFIC,WINTER SPORTS,SKIS,2021-10,12906,903.42,342,18
ASIA-PACIFIC,WINTER SPORTS,SKIS,2022-09,7692,1153.8,96,12
ASIA-PACIFIC,WINTER SPORTS,SKIS,2023-03,10794,1511.16,112,14
ASIA-PACIFIC,WINTER SPORTS,SKIS,2024-11,3234,161.7,84,7
ASIA-PACIFIC,WINTER SPORTS,SNOWBOARD BOOTS,2021-06,1000,130,160,8
ASIA-PACIFIC,WINTER SPORTS,SNOWBOARD BOOTS,2022-12,266,23.94,11,1
ASIA-PACIFIC,WINTER SPORTS,SNOWBOARDS,2021-07,3598,323.82,112,7
ASIA-PACIFIC,WINTER SPORTS,SNOWBOARDS,2024-03,9792,979.2,304,16
ASIA-PACIFIC,WINTER SPORTS,SNOWBOARDS,2024-12,12886,1932.9,323,17
EUROPE,APPAREL,JACKETS & VESTS,2021-03,468,14.04,180,9
EUROPE,APPAREL,JACKETS & VESTS,2021-08,2565,25.65,133,19
EUROPE,APPAREL,JACKETS & VESTS,2024-02,351,35.1,24,3
EUROPE,APPAREL,OTHER,2022-11,708,49.56,72,12
EUROPE,APPAREL,OTHER,2023-08,105,4.2,40,5
EUROPE,APPAREL,OTHER,2023-09,890,8.9,160,10
EUROPE,APPAREL,OTHER,2024-11,120,0,44,4
EUROPE,APPAREL,PANTS & SHORTS,2021-01,1200,168,108,12
EUROPE,APPAREL,PANTS & SHORTS,2022-06,196,25.48,24,4
EUROPE,APPAREL,SHIRTS,2021-06,50,4.5,13,1
EUROPE,APPAREL,TOPS,2021-04,630,88.2,140,14
EUROPE,APPAREL,TOPS,2022-07,320,35.2,120,8
EUROPE,APPAREL,TOPS,2023-07,377,7.54,221,13
EUROPE,APPAREL,UNDERWEAR & BASE LAYERS,2022-04,658,0,112,14
EUROPE,APPAREL,UNDERWEAR & BASE LAYERS,2023-12,98,3.92,32,2
EUROPE,APPAREL,UNDERWEAR & BASE LAYERS,2024-06,450,27,255,15
EUROPE,CAMPING & HIKING,BACKPACKING TENTS,2022-07,2460,0,90,6
EUROPE,CAMPING & HIKING,BIVYS,2024-12,1812,0,180,12
EUROPE,CAMPING & HIKING,COOKWARE,2022-07,1898,151.84,221,13
EUROPE,CAMPING & HIKING,EXTENDED TRIP PACKS,2023-03,1188,59.4,60,3
EUROPE,CAMPING & HIKING,FAMILY CAMPING TENTS,2022-08,15380,1691.8,240,20
EUROPE,CAMPING & HIKING,HAMMOCKS,2021-10,1872,0,198,18
EUROPE,CAMPING & HIKING,HYDRATION PACKS,2022-11,148,7.4,22,2
EUROPE,CAMPING & HIKING,HYDRATION PACKS,2023-05,430,43,35,5
EUROPE,CAMPING & HIKING,HYDRATION PACKS,2024-04,819,57.33,156,13
EUROPE,CAMPING & HIKING,HYDRATION PACKS,2024-07,873,130.95,153,9
EUROPE,CAMPING & HIKING,LINERS,2023-10,645,51.8,376,21
EUROPE,CAMPING & HIKING,OTHER,2021-07,243,24.3,180,9
EUROPE,CAMPING & HIKING,OTHER,2023-09,304,6.08,36,4
EUROPE,CAMPING & HIKING,OTHER,2024-10,270,35.1,210,15
EUROPE,CAMPING & HIKING,OTHER,2024-12,328,9.84,40,4
EUROPE,CAMPING & HIKING,SLEEPING BAGS,2021-08,1768,17.68,104,13
EUROPE,CAMPING & HIKING,SLEEPING BAGS,2021-10,1106,55.3,42,7
EUROPE,CAMPING & HIKING,SLEEPING BAGS,2022-02,1452,159.72,156,12
EUROPE,CAMPING & HIKING,SLEEPING BAGS,2023-08,2432,364.8,133,19
EUROPE,CAMPING & HIKING,SLEEPING PADS,2021-04,1640,180.4,360,20
EUROPE,CAMPING & HIKING,UTENSILS & ACCESSORIES,2023-08,60,2.4,60,4
EUROPE,CLIMBING,CARABINERS & QUICKDRAWS,2024-07,200,10,55,5
EUROPE,CLIMBING,CHALK & CHALK BAGS,2021-05,160,8,48,8
EUROPE,CLIMBING,CHALK & CHALK BAGS,2021-06,210,27.3,140,7
EUROPE,CLIMBING,CHALK & CHALK BAGS,2023-02,182,9.1,77,7
EUROPE,CLIMBING,CHALK & CHALK BAGS,2024-02,57,5.13,15,3
EUROPE,CLIMBING,CLIMBING SHOES,2022-09,1742,104.52,169,13
EUROPE,CLIMBING,CLIMBING SHOES,2023-12,696,76.56,160,8
EUROPE,CLIMBING,CLIMBING SHOES,2024-12,680,13.6,200,10
EUROPE,CLIMBING,CRAMPONS,2021-04,256,15.36,6,1
EUROPE,CLIMBING,HARNESSES,2022-10,3179,190.74,102,17
EUROPE,CLIMBING,HELMETS,2022-04,561,84.15,209,11
EUROPE,CLIMBING,HELMETS,2023-03,1530,0,75,15
EUROPE,CLIMBING,HELMETS,2024-03,1015,10.15,105,7
EUROPE,CLIMBING,MOUNTAINEERING BOOTS,2022-05,6123,857.22,260,13
EUROPE,CLIMBING,MOUNTAINEERING BOOTS,2023-07,552,11.04,60,3
EUROPE,CLIMBING,MOUNTAINEERING BOOTS,2024-03,3820,534.8,260,20
EUROPE,CLIMBING,ROPES & SLINGS,2021-08,50,6.5,16,1
EUROPE,CLIMBING,ROPES & SLINGS,2021-10,2354,235.4,110,11
EUROPE,CLIMBING,ROPES & SLINGS,2023-06,404,32.32,30,2
EUROPE,CLIMBING,ROPES & SLINGS,2023-09,1288,90.16,112,14
EUROPE,CLIMBING,ROPES & SLINGS,2024-08,1178,106.02,342,19
EUROPE,CLIMBING,TRAINING EQUIPMENT,2021-07,910,63.7,126,14
EUROPE,CLIMBING,TRAINING EQUIPMENT,2022-11,483,57.96,133,7
EUROPE,FOOTWEAR,HIKING BOOTS,2021-02,3097,30.97,152,19
EUROPE,FOOTWEAR,HIKING BOOTS,2023-02,252,37.8,18,2
EUROPE,FOOTWEAR,HIKING BOOTS,2023-09,720,108,54,6
EUROPE,FOOTWEAR,HIKING BOOTS,2024-07,1080,129.6,200,10
EUROPE,FOOTWEAR,HIKING BOOTS,2024-11,795,0,45,5
EUROPE,FOOTWEAR,HIKING BOOTS,2024-12,4820,578.4,260,20
EUROPE,FOOTWEAR,OTHER,2021-05,288,5.76,30,6
EUROPE,FOOTWEAR,OTHER,2021-08,616,49.28,49,7
EUROPE,FOOTWEAR,OTHER,2021-10,475,66.5,55,5
EUROPE,FOOTWEAR,OTHER,2022-07,1224,97.92,144,18
EUROPE,FOOTWEAR,OTHER,2023-10,23,3.45,17,1
EUROPE,FOOTWEAR,OTHER,2024-03,462,64.68,119,7
EUROPE,FOOTWEAR,OTHER,2024-08,1424,28.48,288,16
EUROPE,FOOTWEAR,SANDALS,2021-07,1360,13.6,240,20
EUROPE,FOOTWEAR,SANDALS,2022-12,1520,106.4,240,20
EUROPE,FOOTWEAR,SANDALS,2023-01,795,0,120,15
EUROPE,FOOTWEAR,SANDALS,2023-05,936,37.44,143,13
EUROPE,FOOTWEAR,SANDALS,2023-11,871,34.84,143,13
EUROPE,FOOTWEAR,TRAIL SHOES,2021-01,2160,216,220,20
EUROPE,FOOTWEAR,TRAIL SHOES,2022-10,1320,52.8,75,15
EUROPE,FOOTWEAR,TRAIL SHOES,2023-03,1104,154.56,144,16
EUROPE,FOOTWEAR,WINTER BOOTS,2021-09,67,4.69,14,1
EUROPE,FOOTWEAR,WINTER BOOTS,2023-03,2288,160.16,176,16
EUROPE,FOOTWEAR,WINTER BOOTS,2023-07,2736,273.6,247,19
EUROPE,FOOTWEAR,WINTER BOOTS,2023-11,1918,115.08,154,14
EUROPE,FOOTWEAR,WINTER BOOTS,2024-05,3021,60.42,171,19
EUROPE,FOOTWEAR,WINTER BOOTS,2024-08,610,42.7,120,10
EUROPE,FOOTWEAR,WINTER BOOTS,2024-10,781,62.48,220,11
EUROPE,TRAVEL,CARRY-ONS,2022-04,774,7.74,66,6
EUROPE,TRAVEL,CARRY-ONS,2022-07,1400,140,170,10
EUROPE,TRAVEL,CARRY-ONS,2022-08,1729,242.06,323,19
EUROPE,TRAVEL,CARRY-ONS,2023-05,378,11.34,33,3
EUROPE,TRAVEL,CARRY-ONS,2023-10,1332,159.84,60,12
EUROPE,TRAVEL,CARRY-ONS,2024-01,1080,97.2,30,6
EUROPE,TRAVEL,CARRY-ONS,2024-09,2561,51.22,130,13
EUROPE,TRAVEL,DUFFEL BAGS,2023-03,118,14.16,8,1
EUROPE,TRAVEL,OTHER,2021-10,100,15,26,2
EUROPE,TRAVEL,OTHER,2023-04,308,24.64,252,14
EUROPE,TRAVEL,PACKING ORGANIZERS,2022-04,492,63.96,72,12
EUROPE,TRAVEL,SECURITY,2022-11,590,64.9,60,10
EUROPE,TRAVEL,SECURITY,2023-09,666,99.9,99,9
EUROPE,TRAVEL,SECURITY,2023-12,531,31.86,153,9
EUROPE,TRAVEL,TRAVEL ACCESSORIES,2021-02,585,40.95,169,13
EUROPE,TRAVEL,TRAVEL ACCESSORIES,2022-01,108,6.48,216,18
EUROPE,TRAVEL,TRAVEL ACCESSORIES,2022-09,144,17.28,39,3
EUROPE,TRAVEL,TRAVEL ACCESSORIES,2023-05,86,2.58,12,2
EUROPE,TRAVEL,TRAVEL BACKPACKS,2021-03,1326,70.2,266,14
EUROPE,TRAVEL,TRAVEL BACKPACKS,2021-07,2196,307.44,324,18
EUROPE,TRAVEL,TRAVEL BACKPACKS,2022-11,320,25.6,30,5
EUROPE,TRAVEL,TRAVEL BACKPACKS,2023-05,1036,155.4,238,14
EUROPE,TRAVEL,TRAVEL BACKPACKS,2024-06,1979,101.56,172,16
EUROPE,TRAVEL,TRAVEL PILLOWS,2021-06,234,23.4,72,9
EUROPE,TRAVEL,TRAVEL PILLOWS,2022-01,273,32.76,126,7
EUROPE,TRAVEL,TRAVEL PILLOWS,2022-06,168,3.36,266,14
EUROPE,TRAVEL,TRAVEL PILLOWS,2023-03,76,11.4,30,2
EUROPE,TRAVEL,TRAVEL PILLOWS,2023-09,256,20.48,288,16
EUROPE,TRAVEL,TRAVEL PILLOWS,2024-10,703,84.36,285,19
EUROPE,WATER SPORTS,ACCESSORIES,2022-08,1638,147.42,288,18
EUROPE,WATER SPORTS,ACCESSORIES,2023-09,442,66.3,238,17
EUROPE,WATER SPORTS,CANOES,2023-04,14730,1325.7,150,15
EUROPE,WATER SPORTS,CANOES,2023-05,2646,105.84,60,3
EUROPE,WATER SPORTS,CANOES,2023-07,1350,27,57,3
EUROPE,WATER SPORTS,CANOES,2024-03,14440,2166,190,19
EUROPE,WATER SPORTS,CANOES,2024-05,12129,242.58,208,13
EUROPE,WATER SPORTS,CANOES,2024-08,11000,440,150,10
EUROPE,WATER SPORTS,KAYAKS,2024-05,14896,744.8,80,16
EUROPE,WATER SPORTS,KAYAKS,2024-07,8228,1151.92,88,11
EUROPE,WATER SPORTS,OTHER,2021-09,432,8.64,30,6
EUROPE,WATER SPORTS,OTHER,2024-06,390,11.7,255,15
EUROPE,WATER SPORTS,PADDLES,2022-10,360,28.8,216,12
EUROPE,WATER SPORTS,RASH GUARDS,2022-04,546,81.9,78,13
EUROPE,WATER SPORTS,RASH GUARDS,2024-11,216,30.24,60,4
EUROPE,WATER SPORTS,RODS & REELS,2024-03,952,57.12,112,7
EUROPE,WATER SPORTS,SAFETY GEAR,2022-03,432,64.8,304,16
EUROPE,WATER SPORTS,SURFBOARDS,2021-12,1876,131.32,44,4
EUROPE,WATER SPORTS,SURFBOARDS,2022-03,837,50.22,36,3
EUROPE,WATER SPORTS,SURFBOARDS,2024-02,8960,1344,266,14
EUROPE,WATER SPORTS,TACKLE,2023-11,210,4.2,85,5
EUROPE,WATER SPORTS,WADERS,2023-05,1343,201.45,102,17
EUROPE,WATER SPORTS,WETSUITS,2022-06,2888,28.88,266,19
EUROPE,WATER SPORTS,WETSUITS,2022-09,1470,220.5,126,7
EUROPE,WATER SPORTS,WETSUITS,2024-05,3692,184.6,208,13
EUROPE,WINTER SPORTS,ACCESSORIES,2022-01,24,0.72,20,2
EUROPE,WINTER SPORTS,ACCESSORIES,2022-09,560,72.8,400,20
EUROPE,WINTER SPORTS,ACCESSORIES,2022-12,49,1.96,8,1
EUROPE,WINTER SPORTS,BINDINGS,2024-09,1716,188.76,60,6
EUROPE,WINTER SPORTS,HELMETS,2021-09,520,46.8,50,5
EUROPE,WINTER SPORTS,HELMETS,2022-12,2322,232.2,126,18
EUROPE,WINTER SPORTS,OTHER,2021-08,304,9.12,209,19
EUROPE,WINTER SPORTS,OTHER,2024-08,583,40.81,55,11
EUROPE,WINTER SPORTS,POLES,2021-06,322,25.76,70,14
EUROPE,WINTER SPORTS,POLES,2023-04,589,53.01,152,19
EUROPE,WINTER SPORTS,POLES,2023-05,1640,164,100,20
EUROPE,WINTER SPORTS,POLES,2023-06,882,97.02,98,14
EUROPE,WINTER SPORTS,POLES,2023-08,528,68.64,60,6
EUROPE,WINTER SPORTS,SKI BINDINGS,2021-06,2337,93.48,190,19
EUROPE,WINTER SPORTS,SKI BINDINGS,2022-03,1742,243.88,117,13
EUROPE,WINTER SPORTS,SKI BOOTS,2021-02,3773,301.84,176,11
EUROPE,WINTER SPORTS,SKI BOOTS,2022-06,5664,509.76,128,16
EUROPE,WINTER SPORTS,SKI BOOTS,2023-01,8835,265.05,114,19
EUROPE,WINTER SPORTS,SKI BOOTS,2023-08,672,13.44,32,2
EUROPE,WINTER SPORTS,SKI BOOTS,2024-06,2304,322.56,153,9
EUROPE,WINTER SPORTS,SKI POLES,2021-11,440,17.6,70,5
EUROPE,WINTER SPORTS,SKI POLES,2022-12,696,27.84,90,6
EUROPE,WINTER SPORTS,SKI POLES,2023-05,2223,266.76,247,19
EUROPE,WINTER SPORTS,SKIS,2022-08,5580,111.6,240,15
EUROPE,WINTER SPORTS,SKIS,2024-12,4824,530.64,144,9
EUROPE,WINTER SPORTS,SNOWBOARD BOOTS,2021-02,1188,35.64,220,11
EUROPE,WINTER SPORTS,SNOWBOARD BOOTS,2022-12,4980,298.8,200,20
EUROPE,WINTER SPORTS,SNOWBOARDS,2022-05,3108,435.12,60,4
EUROPE,WINTER SPORTS,SNOWSHOES,2021-06,760,68.4,56,8
EUROPE,WINTER SPORTS,SNOWSHOES,2023-07,1494,179.28,144,9
EUROPE,WINTER SPORTS,SNOWSHOES,2024-04,672,26.88,80,8
LATIN AMERICA,APPAREL,JACKETS & VESTS,2023-04,4040,0,320,20
LATIN AMERICA,APPAREL,JACKETS & VESTS,2024-08,2535,0,285,15
LATIN AMERICA,APPAREL,OTHER,2022-09,882,132.3,135,9
LATIN AMERICA,APPAREL,OTHER,2023-07,888,8.88,204,12
LATIN AMERICA,APPAREL,OTHER,2023-09,1184,47.36,320,16
LATIN AMERICA,APPAREL,OTHER,2024-01,825,57.75,121,11
LATIN AMERICA,APPAREL,OTHER,2024-11,744,52.08,120,12
LATIN AMERICA,APPAREL,PANTS & SHORTS,2021-01,1512,156.72,240,18
LATIN AMERICA,APPAREL,PANTS & SHORTS,2021-02,158,11.06,14,2
LATIN AMERICA,APPAREL,PANTS & SHORTS,2021-11,578,80.92,323,17
LATIN AMERICA,APPAREL,PANTS & SHORTS,2023-02,175,8.75,35,5
LATIN AMERICA,APPAREL,PANTS & SHORTS,2024-08,1789,243.95,234,19
LATIN AMERICA,APPAREL,SHIRTS,2021-09,497,34.79,105,7
LATIN AMERICA,APPAREL,SHIRTS,2021-12,1460,116.8,160,20
LATIN AMERICA,APPAREL,SHIRTS,2022-07,168,16.8,102,6
LATIN AMERICA,APPAREL,SHIRTS,2022-10,152,21.28,44,4
LATIN AMERICA,APPAREL,SHIRTS,2023-04,1480,192.4,360,20
LATIN AMERICA,APPAREL,SHIRTS,2024-02,294,32.34,56,7
LATIN AMERICA,APPAREL,TOPS,2022-02,252,7.56,168,12
LATIN AMERICA,APPAREL,TOPS,2023-05,232,4.64,28,4
LATIN AMERICA,APPAREL,TOPS,2024-06,295,20.65,35,5
LATIN AMERICA,APPAREL,TOPS,2024-08,315,47.25,195,15
LATIN AMERICA,APPAREL,UNDERWEAR & BASE LAYERS,2021-11,294,8.82,66,6
LATIN AMERICA,APPAREL,UNDERWEAR & BASE LAYERS,2023-05,444,35.52,180,12
LATIN AMERICA,APPAREL,UNDERWEAR & BASE LAYERS,2024-06,520,15.6,260,20
LATIN AMERICA,APPAREL,UNDERWEAR & BASE LAYERS,2024-09,72,6.48,24,2
LATIN AMERICA,CAMPING & HIKING,BACKPACKING TENTS,2021-12,1904,209.44,144,16
LATIN AMERICA,CAMPING & HIKING,BIVYS,2024-08,1530,61.2,210,15
LATIN AMERICA,CAMPING & HIKING,COOKWARE,2023-04,1026,112.86,152,19
LATIN AMERICA,CAMPING & HIKING,EXTENDED TRIP PACKS,2023-10,1842,221.04,120,6
LATIN AMERICA,CAMPING & HIKING,EXTENDED TRIP PACKS,2024-03,5382,753.48,162,18
LATIN AMERICA,CAMPING & HIKING,FAMILY CAMPING TENTS,2024-05,1684,117.88,56,4
LATIN AMERICA,CAMPING & HIKING,FOOD & NUTRITION,2021-03,168,13.44,30,6
LATIN AMERICA,CAMPING & HIKING,HAMMOCKS,2024-12,2006,180.54,221,17
LATIN AMERICA,CAMPING & HIKING,HYDRATION PACKS,2022-09,475,19,30,5
LATIN AMERICA,CAMPING & HIKING,HYDRATION PACKS,2024-03,336,30.24,114,6
LATIN AMERICA,CAMPING & HIKING,LINERS,2021-10,492,0,84,12
LATIN AMERICA,CAMPING & HIKING,OTHER,2024-03,1080,75.6,100,20
LATIN AMERICA,CAMPING & HIKING,OVERNIGHT PACKS,2023-12,1921,76.84,323,17
LATIN AMERICA,CAMPING & HIKING,SHELTERS & TARPS,2021-07,2280,250.8,300,15
LATIN AMERICA,CAMPING & HIKING,SHELTERS & TARPS,2021-08,1078,0,280,14
LATIN AMERICA,CAMPING & HIKING,SHELTERS & TARPS,2024-02,1414,169.68,252,14
LATIN AMERICA,CAMPING & HIKING,SLEEPING BAGS,2022-02,154,10.78,7,1
LATIN AMERICA,CAMPING & HIKING,SLEEPING BAGS,2023-05,3836,306.88,112,14
LATIN AMERICA,CAMPING & HIKING,SLEEPING BAGS,2023-08,4237,296.59,342,19
LATIN AMERICA,CAMPING & HIKING,STOVES,2021-10,976,48.8,256,16
LATIN AMERICA,CAMPING & HIKING,STOVES,2024-06,536,42.88,68,4
LATIN AMERICA,CLIMBING,AVALANCHE SAFETY,2023-02,490,63.7,38,2
LATIN AMERICA,CLIMBING,CARABINERS & QUICKDRAWS,2022-01,720,100.8,135,15
LATIN AMERICA,CLIMBING,CARABINERS & QUICKDRAWS,2023-02,637,25.48,260,13
LATIN AMERICA,CLIMBING,CARABINERS & QUICKDRAWS,2023-10,13,1.82,13,1
LATIN AMERICA,CLIMBING,CHALK & CHALK BAGS,2023-03,500,5,200,20
LATIN AMERICA,CLIMBING,CLIMBING SHOES,2023-02,1900,57,200,10
LATIN AMERICA,CLIMBING,CLIMBING SHOES,2023-12,427,12.81,98,7
LATIN AMERICA,CLIMBING,CLIMBING SHOES,2024-09,2771,110.84,170,17
LATIN AMERICA,CLIMBING,CRAMPONS,2021-10,291,5.82,14,1
LATIN AMERICA,CLIMBING,HARNESSES,2021-10,665,93.1,90,5
LATIN AMERICA,CLIMBING,HARNESSES,2021-11,232,13.92,18,2
LATIN AMERICA,CLIMBING,HELMETS,2022-11,726,72.6,54,6
LATIN AMERICA,CLIMBING,HELMETS,2023-07,264,36.96,39,3
LATIN AMERICA,CLIMBING,HELMETS,2023-10,321,19.26,24,3
LATIN AMERICA,CLIMBING,HELMETS,2024-06,320,16,60,5
LATIN AMERICA,CLIMBING,ICE AXES,2021-10,1100,11,160,10
LATIN AMERICA,CLIMBING,ICE AXES,2023-07,2752,165.12,176,16
LATIN AMERICA,CLIMBING,MOUNTAINEERING BOOTS,2021-04,2000,280,85,5
LATIN AMERICA,CLIMBING,MOUNTAINEERING BOOTS,2023-10,479,71.85,12,1
LATIN AMERICA,CLIMBING,ROPES & SLINGS,2021-10,1887,245.31,85,17
LATIN AMERICA,CLIMBING,TRAINING EQUIPMENT,2021-03,46,2.76,30,2
LATIN AMERICA,CLIMBING,TRAINING EQUIPMENT,2023-06,745,81.95,90,5
LATIN AMERICA,CLIMBING,TRAINING EQUIPMENT,2023-11,680,54.4,170,10
LATIN AMERICA,CLIMBING,TRAINING EQUIPMENT,2024-03,168,11.76,51,3
LATIN AMERICA,CLIMBING,TRAINING EQUIPMENT,2024-07,1786,107.16,266,19
LATIN AMERICA,FOOTWEAR,HIKING BOOTS,2021-01,895,62.65,85,5
LATIN AMERICA,FOOTWEAR,HIKING BOOTS,2021-04,1002,40.08,102,6
LATIN AMERICA,FOOTWEAR,HIKING BOOTS,2022-12,1860,111.6,320,20
LATIN AMERICA,FOOTWEAR,HIKING BOOTS,2024-01,3029,242.32,260,13
LATIN AMERICA,FOOTWEAR,OTHER,2022-04,486,34.02,108,18
LATIN AMERICA,FOOTWEAR,OTHER,2022-09,624,18.72,156,13
LATIN AMERICA,FOOTWEAR,OTHER,2024-04,124,7.44,72,4
LATIN AMERICA,FOOTWEAR,OTHER,2024-07,1092,120.12,120,12
LATIN AMERICA,FOOTWEAR,SANDALS,2021-01,434,43.4,126,7
LATIN AMERICA,FOOTWEAR,SANDALS,2021-11,264,29.04,48,8
LATIN AMERICA,FOOTWEAR,SANDALS,2023-05,1360,40.8,187,17
LATIN AMERICA,FOOTWEAR,SANDALS,2023-08,756,22.68,192,12
LATIN AMERICA,FOOTWEAR,SANDALS,2023-09,216,25.92,162,9
LATIN AMERICA,FOOTWEAR,SANDALS,2024-01,204,18.36,30,6
LATIN AMERICA,FOOTWEAR,SANDALS,2024-08,640,6.4,100,10
LATIN AMERICA,FOOTWEAR,TRAIL SHOES,2021-04,1717,120.19,306,17
LATIN AMERICA,FOOTWEAR,TRAIL SHOES,2021-09,1728,224.64,84,12
LATIN AMERICA,FOOTWEAR,TRAIL SHOES,2021-11,1568,62.72,160,16
LATIN AMERICA,FOOTWEAR,TRAIL SHOES,2022-09,72,2.88,9,1
LATIN AMERICA,FOOTWEAR,TRAIL SHOES,2023-02,2574,51.48,324,18
LATIN AMERICA,FOOTWEAR,TRAIL SHOES,2023-11,1584,0,160,16
LATIN AMERICA,FOOTWEAR,TRAIL SHOES,2024-05,816,16.32,208,16
LATIN AMERICA,FOOTWEAR,WINTER BOOTS,2021-02,1560,0,130,13
LATIN AMERICA,FOOTWEAR,WINTER BOOTS,2021-07,600,0,36,3
LATIN AMERICA,FOOTWEAR,WINTER BOOTS,2021-09,960,86.4,240,12
LATIN AMERICA,FOOTWEAR,WINTER BOOTS,2022-09,352,42.24,72,4
LATIN AMERICA,FOOTWEAR,WINTER BOOTS,2023-03,412,53.56,60,4
LATIN AMERICA,TRAVEL,CARRY-ONS,2021-01,1036,134.68,77,7
LATIN AMERICA,TRAVEL,CARRY-ONS,2024-07,218,2.18,34,2
LATIN AMERICA,TRAVEL,DUFFEL BAGS,2023-05,248,34.72,60,4
LATIN AMERICA,TRAVEL,DUFFEL BAGS,2023-10,616,55.44,64,8
LATIN AMERICA,TRAVEL,DUFFEL BAGS,2024-09,462,4.62,108,6
LATIN AMERICA,TRAVEL,EYE MASKS,2021-11,54,7.02,21,3
LATIN AMERICA,TRAVEL,EYE MASKS,2023-04,240,28.8,240,12
LATIN AMERICA,TRAVEL,EYE MASKS,2023-08,152,22.8,285,19
LATIN AMERICA,TRAVEL,EYE MASKS,2023-09,52,0,60,4
LATIN AMERICA,TRAVEL,EYE MASKS,2024-12,96,6.36,129,7
LATIN AMERICA,TRAVEL,OTHER,2023-01,198,27.72,114,6
LATIN AMERICA,TRAVEL,PACKING ORGANIZERS,2021-06,342,10.26,126,18
LATIN AMERICA,TRAVEL,PACKING ORGANIZERS,2021-12,517,62.04,198,11
LATIN AMERICA,TRAVEL,PACKING ORGANIZERS,2022-04,540,0,180,20
LATIN AMERICA,TRAVEL,PACKING ORGANIZERS,2022-05,204,24.48,204,17
LATIN AMERICA,TRAVEL,PACKING ORGANIZERS,2023-04,162,17.82,90,9
LATIN AMERICA,TRAVEL,PACKING ORGANIZERS,2023-07,308,24.64,220,11
LATIN AMERICA,TRAVEL,PACKING ORGANIZERS,2023-08,152,18.24,80,4
LATIN AMERICA,TRAVEL,PACKING ORGANIZERS,2024-04,405,24.3,72,9
LATIN AMERICA,TRAVEL,PACKING ORGANIZERS,2024-05,598,47.84,65,13
LATIN AMERICA,TRAVEL,SECURITY,2022-01,540,70.2,100,10
LATIN AMERICA,TRAVEL,SECURITY,2022-06,1368,136.8,342,18
LATIN AMERICA,TRAVEL,SECURITY,2023-03,342,51.3,99,9
LATIN AMERICA,TRAVEL,TRAVEL ACCESSORIES,2023-03,74,3.7,38,2
LATIN AMERICA,TRAVEL,TRAVEL ACCESSORIES,2023-04,238,7.14,154,14
LATIN AMERICA,TRAVEL,TRAVEL ACCESSORIES,2023-11,177,8.85,57,3
LATIN AMERICA,TRAVEL,TRAVEL ACCESSORIES,2024-10,1278,191.7,90,18
LATIN AMERICA,TRAVEL,TRAVEL ACCESSORIES,2024-12,80,4.8,12,1
LATIN AMERICA,TRAVEL,TRAVEL BACKPACKS,2021-10,2280,342,195,15
LATIN AMERICA,TRAVEL,TRAVEL BACKPACKS,2022-08,594,23.76,90,6
LATIN AMERICA,TRAVEL,TRAVEL BACKPACKS,2023-10,552,11.04,84,12
LATIN AMERICA,TRAVEL,TRAVEL PILLOWS,2022-03,372,0,60,12
LATIN AMERICA,TRAVEL,TRAVEL PILLOWS,2022-08,216,19.44,72,9
LATIN AMERICA,TRAVEL,TRAVEL PILLOWS,2023-12,165,23.1,105,15
LATIN AMERICA,WATER SPORTS,OTHER,2022-11,1425,99.75,342,19
LATIN AMERICA,WATER SPORTS,OTHER,2023-02,944,132.16,96,16
LATIN AMERICA,WATER SPORTS,OTHER,2024-03,968,145.2,154,11
LATIN AMERICA,WATER SPORTS,PADDLES,2022-10,1212,157.56,120,12
LATIN AMERICA,WATER SPORTS,PADDLES,2023-08,507,61.53,231,12
LATIN AMERICA,WATER SPORTS,PADDLES,2024-04,282,0,32,2
LATIN AMERICA,WATER SPORTS,RASH GUARDS,2022-04,357,35.7,272,17
LATIN AMERICA,WATER SPORTS,RASH GUARDS,2024-11,1422,0,126,18
LATIN AMERICA,WATER SPORTS,RODS & REELS,2024-05,468,14.04,216,12
LATIN AMERICA,WATER SPORTS,SAFETY GEAR,2023-05,689,75.79,182,13
LATIN AMERICA,WATER SPORTS,SAFETY GEAR,2023-08,150,19.5,72,6
LATIN AMERICA,WATER SPORTS,SAFETY GEAR,2024-09,1312,118.08,240,16
LATIN AMERICA,WATER SPORTS,SURF ACCESSORIES,2021-02,105,4.2,100,5
LATIN AMERICA,WATER SPORTS,SURF ACCESSORIES,2021-12,550,16.5,200,10
LATIN AMERICA,WATER SPORTS,SURF ACCESSORIES,2023-09,1598,0,255,17
LATIN AMERICA,WATER SPORTS,SURF ACCESSORIES,2024-06,68,5.44,40,2
LATIN AMERICA,WATER SPORTS,SURFBOARDS,2023-04,5130,666.9,270,15
LATIN AMERICA,WATER SPORTS,TACKLE,2024-07,420,58.8,192,12
LATIN AMERICA,WATER SPORTS,WADERS,2021-11,906,54.36,120,6
LATIN AMERICA,WATER SPORTS,WADERS,2022-05,1479,118.32,136,17
LATIN AMERICA,WATER SPORTS,WETSUITS,2022-12,1144,102.96,104,13
LATIN AMERICA,WINTER SPORTS,ACCESSORIES,2021-06,1800,180,216,18
LATIN AMERICA,WINTER SPORTS,ACCESSORIES,2021-11,332,6.64,40,4
LATIN AMERICA,WINTER SPORTS,ACCESSORIES,2021-12,900,108,240,12
LATIN AMERICA,WINTER SPORTS,ACCESSORIES,2023-11,1440,158.4,234,18
LATIN AMERICA,WINTER SPORTS,ACCESSORIES,2024-05,390,35.1,72,6
LATIN AMERICA,WINTER SPORTS,ACCESSORIES,2024-12,675,20.25,225,15
LATIN AMERICA,WINTER SPORTS,BINDINGS,2021-11,1528,152.8,64,8
LATIN AMERICA,WINTER SPORTS,BINDINGS,2022-08,1480,103.6,180,10
LATIN AMERICA,WINTER SPORTS,BINDINGS,2023-03,462,36.96,45,3
LATIN AMERICA,WINTER SPORTS,HELMETS,2022-01,564,67.68,48,4
LATIN AMERICA,WINTER SPORTS,POLES,2023-03,1056,0,165,11
LATIN AMERICA,WINTER SPORTS,SKI BINDINGS,2022-10,240,24,38,2
LATIN AMERICA,WINTER SPORTS,SKI BINDINGS,2023-05,3857,578.55,95,19
LATIN AMERICA,WINTER SPORTS,SKI BINDINGS,2024-05,1800,18,180,18
LATIN AMERICA,WINTER SPORTS,SKI BINDINGS,2024-08,1285,141.35,85,5
LATIN AMERICA,WINTER SPORTS,SKI BINDINGS,2024-11,1630,195.6,200,10
LATIN AMERICA,WINTER SPORTS,SKI BOOTS,2021-12,1224,134.64,24,3
LATIN AMERICA,WINTER SPORTS,SKI POLES,2021-03,525,21,90,15
LATIN AMERICA,WINTER SPORTS,SKI POLES,2021-05,798,103.74,266,19
LATIN AMERICA,WINTER SPORTS,SKI POLES,2023-04,663,19.89,234,13
LATIN AMERICA,WINTER SPORTS,SKI POLES,2023-10,1417,85.02,260,13
LATIN AMERICA,WINTER SPORTS,SKIS,2024-07,2744,0,126,7
LATIN AMERICA,WINTER SPORTS,SNOWBOARD BOOTS,2022-02,2880,403.2,90,10
LATIN AMERICA,WINTER SPORTS,SNOWBOARD BOOTS,2024-06,554,83.1,24,2
LATIN AMERICA,WINTER SPORTS,SNOWSHOES,2022-10,200,26,32,4
LATIN AMERICA,WINTER SPORTS,SNOWSHOES,2024-10,366,51.24,42,6
MIDDLE EAST,APPAREL,JACKETS & VESTS,2023-11,3902,481.82,196,23
MIDDLE EAST,APPAREL,JACKETS & VESTS,2024-02,1165,174.75,50,5
MIDDLE EAST,APPAREL,OTHER,2021-09,1314,78.84,324,18
MIDDLE EAST,APPAREL,OTHER,2023-03,80,1.6,85,5
MIDDLE EAST,APPAREL,OTHER,2023-12,216,17.28,84,12
MIDDLE EAST,APPAREL,PANTS & SHORTS,2021-02,1330,146.3,98,14
MIDDLE EAST,APPAREL,PANTS & SHORTS,2022-08,1962,19.62,252,18
MIDDLE EAST,APPAREL,PANTS & SHORTS,2024-05,154,1.54,40,2
MIDDLE EAST,APPAREL,SHIRTS,2022-02,432,38.88,72,9
MIDDLE EAST,APPAREL,SHIRTS,2022-12,48,0,15,1
MIDDLE EAST,APPAREL,SHIRTS,2023-03,612,42.84,168,12
MIDDLE EAST,APPAREL,SHIRTS,2023-10,988,98.8,195,13
MIDDLE EAST,APPAREL,SHIRTS,2024-02,1264,25.28,80,16
MIDDLE EAST,APPAREL,SHIRTS,2024-03,1168,23.36,320,16
MIDDLE EAST,APPAREL,TOPS,2021-05,672,20.16,228,12
MIDDLE EAST,APPAREL,TOPS,2022-09,200,2,104,8
MIDDLE EAST,APPAREL,TOPS,2022-10,336,13.44,272,16
MIDDLE EAST,APPAREL,TOPS,2023-01,210,12.6,126,7
MIDDLE EAST,APPAREL,UNDERWEAR & BASE LAYERS,2021-04,195,3.9,40,5
MIDDLE EAST,APPAREL,UNDERWEAR & BASE LAYERS,2021-06,80,7.2,80,4
MIDDLE EAST,APPAREL,UNDERWEAR & BASE LAYERS,2022-05,171,25.65,90,9
MIDDLE EAST,APPAREL,UNDERWEAR & BASE LAYERS,2023-06,510,0,340,17
MIDDLE EAST,APPAREL,UNDERWEAR & BASE LAYERS,2023-09,216,8.64,84,6
MIDDLE EAST,APPAREL,UNDERWEAR & BASE LAYERS,2024-03,380,34.2,304,19
MIDDLE EAST,APPAREL,UNDERWEAR & BASE LAYERS,2024-04,578,57.8,323,17
MIDDLE EAST,CAMPING & HIKING,BACKPACKING TENTS,2022-01,2698,404.7,247,19
MIDDLE EAST,CAMPING & HIKING,COOKWARE,2021-08,828,74.52,36,6
MIDDLE EAST,CAMPING & HIKING,COOKWARE,2022-12,462,36.96,133,7
MIDDLE EAST,CAMPING & HIKING,COOKWARE,2023-01,979,68.53,55,11
MIDDLE EAST,CAMPING & HIKING,DAYPACKS,2021-04,528,31.68,56,8
MIDDLE EAST,CAMPING & HIKING,DAYPACKS,2021-05,83,10.79,9,1
MIDDLE EAST,CAMPING & HIKING,DAYPACKS,2024-05,420,8.4,48,4
MIDDLE EAST,CAMPING & HIKING,EXTENDED TRIP PACKS,2021-02,741,111.15,48,3
MIDDLE EAST,CAMPING & HIKING,FAMILY CAMPING TENTS,2023-02,9075,998.25,120,15
MIDDLE EAST,CAMPING & HIKING,FAMILY CAMPING TENTS,2024-03,4170,208.5,90,15
MIDDLE EAST,CAMPING & HIKING,FAMILY CAMPING TENTS,2024-11,6500,130,70,10
MIDDLE EAST,CAMPING & HIKING,FOOD & NUTRITION,2021-05,315,18.9,240,15
MIDDLE EAST,CAMPING & HIKING,FOOD & NUTRITION,2022-11,720,50.4,126,18
MIDDLE EAST,CAMPING & HIKING,HYDRATION PACKS,2023-11,1320,105.6,108,12
MIDDLE EAST,CAMPING & HIKING,LINERS,2023-09,840,117.6,266,14
MIDDLE EAST,CAMPING & HIKING,OTHER,2022-01,361,54.15,171,19
MIDDLE EAST,CAMPING & HIKING,OVERNIGHT PACKS,2022-02,720,93.6,40,4
MIDDLE EAST,CAMPING & HIKING,OVERNIGHT PACKS,2023-02,376,41.36,48,4
MIDDLE EAST,CAMPING & HIKING,OVERNIGHT PACKS,2024-04,2214,332.1,324,18
MIDDLE EAST,CAMPING & HIKING,SHELTERS & TARPS,2024-07,40,4,18,1
MIDDLE EAST,CAMPING & HIKING,SLEEPING BAGS,2024-01,399,0,24,3
MIDDLE EAST,CAMPING & HIKING,UTENSILS & ACCESSORIES,2024-08,328,9.84,96,8
MIDDLE EAST,CLIMBING,AVALANCHE SAFETY,2022-08,699,27.96,33,3
MIDDLE EAST,CLIMBING,AVALANCHE SAFETY,2024-08,4940,543.4,247,19
MIDDLE EAST,CLIMBING,AVALANCHE SAFETY,2024-09,801,0,27,3
MIDDLE EAST,CLIMBING,CARABINERS & QUICKDRAWS,2022-04,210,31.5,30,5
MIDDLE EAST,CLIMBING,CARABINERS & QUICKDRAWS,2024-09,170,10.2,55,5
MIDDLE EAST,CLIMBING,CHALK & CHALK BAGS,2023-08,132,9.24,228,12
MIDDLE EAST,CLIMBING,CHALK & CHALK BAGS,2024-01,360,43.2,240,20
MIDDLE EAST,CLIMBING,CLIMBING SHOES,2022-03,1288,128.8,49,7
MIDDLE EAST,CLIMBING,CLIMBING SHOES,2023-08,2508,300.96,247,19
MIDDLE EAST,CLIMBING,CRAMPONS,2021-01,2626,288.86,182,13
MIDDLE EAST,CLIMBING,CRAMPONS,2021-04,1362,13.62,48,6
MIDDLE EAST,CLIMBING,CRAMPONS,2021-07,840,75.6,56,7
MIDDLE EAST,CLIMBING,CRAMPONS,2021-11,2873,57.46,170,17
MIDDLE EAST,CLIMBING,CRAMPONS,2022-02,1092,65.52,84,7
MIDDLE EAST,CLIMBING,CRAMPONS,2023-02,2214,66.42,126,9
MIDDLE EAST,CLIMBING,CRAMPONS,2023-04,2043,81.72,99,9
MIDDLE EAST,CLIMBING,HARNESSES,2021-08,1700,136,280,20
MIDDLE EAST,CLIMBING,HARNESSES,2023-02,65,3.25,19,1
MIDDLE EAST,CLIMBING,HELMETS,2021-06,1417,85.02,169,13
MIDDLE EAST,CLIMBING,HELMETS,2021-07,2831,339.72,266,19
MIDDLE EAST,CLIMBING,ICE AXES,2022-08,820,32.8,24,4
MIDDLE EAST,CLIMBING,MOUNTAINEERING BOOTS,2021-03,4788,191.52,380,19
MIDDLE EAST,CLIMBING,MOUNTAINEERING BOOTS,2021-09,360,0,9,1
MIDDLE EAST,CLIMBING,MOUNTAINEERING BOOTS,2021-10,838,0,10,2
MIDDLE EAST,CLIMBING,ROPES & SLINGS,2021-03,1170,175.5,255,15
MIDDLE EAST,CLIMBING,TRAINING EQUIPMENT,2021-01,902,27.06,154,11
MIDDLE EAST,CLIMBING,TRAINING EQUIPMENT,2021-07,448,22.4,63,7
MIDDLE EAST,FOOTWEAR,HIKING BOOTS,2021-07,1764,264.6,90,9
MIDDLE EAST,FOOTWEAR,HIKING BOOTS,2022-01,370,44.4,55,5
MIDDLE EAST,FOOTWEAR,HIKING BOOTS,2023-07,5048,346.8,495,30
MIDDLE EAST,FOOTWEAR,OTHER,2021-11,1920,38.4,340,20
MIDDLE EAST,FOOTWEAR,OTHER,2022-04,816,48.96,240,12
MIDDLE EAST,FOOTWEAR,OTHER,2022-09,630,88.2,91,7
MIDDLE EAST,FOOTWEAR,OTHER,2022-12,200,20,32,4
MIDDLE EAST,FOOTWEAR,OTHER,2023-12,200,20,14,2
MIDDLE EAST,FOOTWEAR,OTHER,2024-05,1007,151.05,247,19
MIDDLE EAST,FOOTWEAR,SANDALS,2022-07,399,27.93,323,19
MIDDLE EAST,FOOTWEAR,SANDALS,2023-11,874,34.96,285,19
MIDDLE EAST,FOOTWEAR,SANDALS,2024-03,953,75.4,212,14
MIDDLE EAST,FOOTWEAR,SANDALS,2024-05,28,1.4,12,1
MIDDLE EAST,FOOTWEAR,SANDALS,2024-11,438,4.38,102,6
MIDDLE EAST,FOOTWEAR,TRAIL SHOES,2021-02,2679,0,133,19
MIDDLE EAST,FOOTWEAR,TRAIL SHOES,2021-08,104,0,28,2
MIDDLE EAST,FOOTWEAR,TRAIL SHOES,2022-01,715,42.9,247,13
MIDDLE EAST,FOOTWEAR,TRAIL SHOES,2022-04,730,36.5,50,10
MIDDLE EAST,FOOTWEAR,TRAIL SHOES,2022-05,1445,72.25,170,17
MIDDLE EAST,FOOTWEAR,TRAIL SHOES,2023-09,1760,70.4,260,20
MIDDLE EAST,FOOTWEAR,TRAIL SHOES,2023-10,1540,92.4,240,20
MIDDLE EAST,FOOTWEAR,WINTER BOOTS,2022-06,370,40.7,55,5
MIDDLE EAST,FOOTWEAR,WINTER BOOTS,2023-01,2337,233.7,228,19
MIDDLE EAST,FOOTWEAR,WINTER BOOTS,2023-07,3562,194.42,449,27
MIDDLE EAST,TRAVEL,CARRY-ONS,2021-08,1586,15.86,156,13
MIDDLE EAST,TRAVEL,DUFFEL BAGS,2022-06,1265,113.85,220,11
MIDDLE EAST,TRAVEL,DUFFEL BAGS,2023-04,665,79.8,42,7
MIDDLE EAST,TRAVEL,DUFFEL BAGS,2023-12,282,5.64,96,6
MIDDLE EAST,TRAVEL,EYE MASKS,2021-02,143,15.73,176,11
MIDDLE EAST,TRAVEL,EYE MASKS,2022-08,238,7.14,119,17
MIDDLE EAST,TRAVEL,EYE MASKS,2024-11,220,17.6,120,20
MIDDLE EAST,TRAVEL,OTHER,2021-07,550,66,99,11
MIDDLE EAST,TRAVEL,OTHER,2022-09,410,32.8,120,10
MIDDLE EAST,TRAVEL,OTHER,2024-06,126,11.34,45,9
MIDDLE EAST,TRAVEL,PACKING ORGANIZERS,2021-05,882,35.28,90,18
MIDDLE EAST,TRAVEL,PACKING ORGANIZERS,2023-06,650,32.5,260,13
MIDDLE EAST,TRAVEL,PACKING ORGANIZERS,2023-09,456,63.84,361,19
MIDDLE EAST,TRAVEL,PACKING ORGANIZERS,2024-08,312,15.6,168,12
MIDDLE EAST,TRAVEL,TRAVEL ACCESSORIES,2021-03,210,18.9,150,10
MIDDLE EAST,TRAVEL,TRAVEL ACCESSORIES,2021-06,63,3.78,35,7
MIDDLE EAST,TRAVEL,TRAVEL ACCESSORIES,2021-08,140,2.8,119,7
MIDDLE EAST,TRAVEL,TRAVEL ACCESSORIES,2022-03,285,34.2,105,15
MIDDLE EAST,TRAVEL,TRAVEL ACCESSORIES,2022-10,731,0,238,17
MIDDLE EAST,TRAVEL,TRAVEL ACCESSORIES,2022-12,256,30.72,272,16
MIDDLE EAST,TRAVEL,TRAVEL ACCESSORIES,2023-01,27,0.81,11,1
MIDDLE EAST,TRAVEL,TRAVEL ACCESSORIES,2024-01,992,119.04,96,16
MIDDLE EAST,TRAVEL,TRAVEL ACCESSORIES,2024-12,338,0,156,13
MIDDLE EAST,TRAVEL,TRAVEL BACKPACKS,2023-08,1937,96.85,234,13
MIDDLE EAST,TRAVEL,TRAVEL PILLOWS,2021-02,39,3.51,36,3
MIDDLE EAST,TRAVEL,TRAVEL PILLOWS,2021-04,480,28.8,216,12
MIDDLE EAST,TRAVEL,TRAVEL PILLOWS,2021-06,396,39.6,270,18
MIDDLE EAST,TRAVEL,TRAVEL PILLOWS,2024-04,144,15.84,228,12
MIDDLE EAST,WATER SPORTS,ACCESSORIES,2023-08,1320,167.2,230,30
MIDDLE EAST,WATER SPORTS,ACCESSORIES,2023-09,425,8.5,25,5
MIDDLE EAST,WATER SPORTS,ACCESSORIES,2024-09,882,105.84,45,9
MIDDLE EAST,WATER SPORTS,CANOES,2023-01,5484,54.84,30,6
MIDDLE EAST,WATER SPORTS,CANOES,2024-01,6687,735.57,99,9
MIDDLE EAST,WATER SPORTS,CANOES,2024-02,5680,56.8,120,10
MIDDLE EAST,WATER SPORTS,KAYAKS,2021-06,10785,970.65,120,15
MIDDLE EAST,WATER SPORTS,KAYAKS,2021-09,15888,953.28,208,16
MIDDLE EAST,WATER SPORTS,KAYAKS,2022-06,9975,199.5,90,15
MIDDLE EAST,WATER SPORTS,KAYAKS,2023-02,4860,291.6,144,18
MIDDLE EAST,WATER SPORTS,KAYAKS,2024-05,2382,238.2,27,3
MIDDLE EAST,WATER SPORTS,KAYAKS,2024-10,1131,22.62,39,3
MIDDLE EAST,WATER SPORTS,OTHER,2021-10,108,14.04,80,4
MIDDLE EAST,WATER SPORTS,OTHER,2022-05,551,27.55,133,19
MIDDLE EAST,WATER SPORTS,OTHER,2024-08,790,0,160,10
MIDDLE EAST,WATER SPORTS,PADDLES,2024-05,1445,14.45,289,17
MIDDLE EAST,WATER SPORTS,PADDLES,2024-09,720,36,120,6
MIDDLE EAST,WATER SPORTS,PADDLES,2024-10,121,4.84,18,1
MIDDLE EAST,WATER SPORTS,RODS & REELS,2024-11,399,51.87,54,3
MIDDLE EAST,WATER SPORTS,SAFETY GEAR,2021-08,710,14.2,60,10
MIDDLE EAST,WATER SPORTS,SAFETY GEAR,2022-03,511,76.65,77,7
MIDDLE EAST,WATER SPORTS,TACKLE,2022-03,300,45,156,12
MIDDLE EAST,WATER SPORTS,WADERS,2022-02,328,3.28,36,4
MIDDLE EAST,WATER SPORTS,WADERS,2023-03,85,4.25,8,1
MIDDLE EAST,WATER SPORTS,WADERS,2023-11,1120,123.2,210,14
MIDDLE EAST,WATER SPORTS,WETSUITS,2022-03,345,48.3,30,5
MIDDLE EAST,WATER SPORTS,WETSUITS,2023-01,726,7.26,66,11
MIDDLE EAST,WATER SPORTS,WETSUITS,2023-04,2097,83.88,153,9
MIDDLE EAST,WATER SPORTS,WETSUITS,2024-03,700,49,196,14
MIDDLE EAST,WINTER SPORTS,ACCESSORIES,2021-08,255,35.7,90,5
MIDDLE EAST,WINTER SPORTS,BINDINGS,2021-03,3712,74.24,240,16
MIDDLE EAST,WINTER SPORTS,BINDINGS,2022-03,2058,226.38,140,7
MIDDLE EAST,WINTER SPORTS,BINDINGS,2022-04,2860,200.2,165,11
MIDDLE EAST,WINTER SPORTS,BINDINGS,2024-01,1560,0,96,6
MIDDLE EAST,WINTER SPORTS,HELMETS,2024-08,1950,175.5,143,13
MIDDLE EAST,WINTER SPORTS,HELMETS,2024-09,1140,159.6,120,20
MIDDLE EAST,WINTER SPORTS,OTHER,2023-10,868,34.72,210,14
MIDDLE EAST,WINTER SPORTS,POLES,2024-07,672,67.2,204,12
MIDDLE EAST,WINTER SPORTS,SKI BINDINGS,2022-02,2170,325.5,100,10
MIDDLE EAST,WINTER SPORTS,SKI BINDINGS,2023-07,5640,733.2,240,20
MIDDLE EAST,WINTER SPORTS,SKI BINDINGS,2023-08,2331,116.55,216,16
MIDDLE EAST,WINTER SPORTS,SKI POLES,2022-03,340,23.8,36,4
MIDDLE EAST,WINTER SPORTS,SNOWBOARD BOOTS,2021-09,153,15.3,20,1
MIDDLE EAST,WINTER SPORTS,SNOWBOARDS,2021-08,5973,119.46,99,11
MIDDLE EAST,WINTER SPORTS,SNOWBOARDS,2023-11,7200,648,180,12
MIDDLE EAST,WINTER SPORTS,SNOWSHOES,2024-06,2610,156.6,90,15
NORTH AMERICA,APPAREL,JACKETS & VESTS,2021-12,1680,117.6,266,14
NORTH AMERICA,APPAREL,JACKETS & VESTS,2022-02,276,27.6,18,3
NORTH AMERICA,APPAREL,JACKETS & VESTS,2022-08,1452,14.52,154,11
NORTH AMERICA,APPAREL,JACKETS & VESTS,2023-05,2595,77.85,90,15
NORTH AMERICA,APPAREL,JACKETS & VESTS,2024-02,448,58.24,144,8
NORTH AMERICA,APPAREL,JACKETS & VESTS,2024-03,2141,235.51,204,23
NORTH AMERICA,APPAREL,OTHER,2021-08,893,8.93,342,19
NORTH AMERICA,APPAREL,OTHER,2022-07,623,31.15,42,7
NORTH AMERICA,APPAREL,OTHER,2022-10,110,5.5,16,2
NORTH AMERICA,APPAREL,OTHER,2024-11,1206,60.3,270,18
NORTH AMERICA,APPAREL,PANTS & SHORTS,2022-05,910,127.4,224,14
NORTH AMERICA,APPAREL,PANTS & SHORTS,2024-07,616,18.48,176,11
NORTH AMERICA,APPAREL,SHIRTS,2021-05,128,14.08,44,4
NORTH AMERICA,APPAREL,SHIRTS,2021-12,450,67.5,90,10
NORTH AMERICA,APPAREL,SHIRTS,2023-07,150,15,24,3
NORTH AMERICA,APPAREL,SHIRTS,2023-12,1064,127.68,95,19
NORTH AMERICA,APPAREL,SHIRTS,2024-09,300,3,54,6
NORTH AMERICA,APPAREL,SHIRTS,2024-11,1520,167.2,300,20
NORTH AMERICA,APPAREL,TOPS,2022-04,800,0,140,20
NORTH AMERICA,APPAREL,TOPS,2023-12,147,10.29,119,7
NORTH AMERICA,APPAREL,UNDERWEAR & BASE LAYERS,2023-03,50,4.5,22,2
NORTH AMERICA,APPAREL,UNDERWEAR & BASE LAYERS,2024-01,640,51.2,140,20
NORTH AMERICA,CAMPING & HIKING,BACKPACKING TENTS,2022-06,1112,111.2,64,8
NORTH AMERICA,CAMPING & HIKING,BACKPACKING TENTS,2022-10,3444,206.64,228,12
NORTH AMERICA,CAMPING & HIKING,COOKWARE,2023-02,2584,335.92,247,19
NORTH AMERICA,CAMPING & HIKING,COOKWARE,2023-03,900,81,96,12
NORTH AMERICA,CAMPING & HIKING,COOKWARE,2024-09,962,43.86,196,10
NORTH AMERICA,CAMPING & HIKING,DAYPACKS,2023-10,96,6.72,57,3
NORTH AMERICA,CAMPING & HIKING,DAYPACKS,2024-03,1665,33.3,150,15
NORTH AMERICA,CAMPING & HIKING,DAYPACKS,2024-09,735,22.05,80,5
NORTH AMERICA,CAMPING & HIKING,FAMILY CAMPING TENTS,2021-02,4340,217,200,20
NORTH AMERICA,CAMPING & HIKING,FAMILY CAMPING TENTS,2023-09,3437,206.22,56,7
NORTH AMERICA,CAMPING & HIKING,FOOD & NUTRITION,2024-10,288,40.32,204,12
NORTH AMERICA,CAMPING & HIKING,HAMMOCKS,2021-02,1430,171.6,190,10
NORTH AMERICA,CAMPING & HIKING,HAMMOCKS,2022-04,910,109.2,154,14
NORTH AMERICA,CAMPING & HIKING,HYDRATION PACKS,2021-04,927,139.05,171,9
NORTH AMERICA,CAMPING & HIKING,LINERS,2023-10,144,10.08,80,8
NORTH AMERICA,CAMPING & HIKING,LINERS,2024-03,210,4.2,63,7
NORTH AMERICA,CAMPING & HIKING,OTHER,2023-12,1392,69.6,320,16
NORTH AMERICA,CAMPING & HIKING,OVERNIGHT PACKS,2023-06,1266,113.94,96,6
NORTH AMERICA,CAMPING & HIKING,SHELTERS & TARPS,2021-04,318,3.18,33,3
NORTH AMERICA,CAMPING & HIKING,SHELTERS & TARPS,2021-08,930,46.5,48,6
NORTH AMERICA,CAMPING & HIKING,SHELTERS & TARPS,2022-03,728,14.56,70,14
NORTH AMERICA,CAMPING & HIKING,SLEEPING BAGS,2021-03,855,0,55,5
NORTH AMERICA,CAMPING & HIKING,SLEEPING BAGS,2021-08,6635,266.76,225,29
NORTH AMERICA,CAMPING & HIKING,SLEEPING BAGS,2023-07,888,62.16,40,8
NORTH AMERICA,CAMPING & HIKING,SLEEPING BAGS,2024-02,2592,388.8,288,18
NORTH AMERICA,CAMPING & HIKING,SLEEPING PADS,2021-10,572,11.44,56,4
NORTH AMERICA,CAMPING & HIKING,SLEEPING PADS,2022-02,1053,136.89,91,13
NORTH AMERICA,CAMPING & HIKING,UTENSILS & ACCESSORIES,2021-10,408,12.24,170,17
NORTH AMERICA,CAMPING & HIKING,UTENSILS & ACCESSORIES,2023-12,66,5.94,143,11
NORTH AMERICA,CLIMBING,AVALANCHE SAFETY,2023-11,5757,115.14,285,19
NORTH AMERICA,CLIMBING,AVALANCHE SAFETY,2024-08,2640,52.8,96,6
NORTH AMERICA,CLIMBING,CHALK & CHALK BAGS,2024-04,176,0,220,11
NORTH AMERICA,CLIMBING,CLIMBING SHOES,2021-10,1872,112.32,90,18
NORTH AMERICA,CLIMBING,CLIMBING SHOES,2023-04,714,42.84,90,6
NORTH AMERICA,CLIMBING,CLIMBING SHOES,2024-03,686,6.86,56,7
NORTH AMERICA,CLIMBING,CLIMBING SHOES,2024-11,2088,167.04,180,12
NORTH AMERICA,CLIMBING,CRAMPONS,2023-02,414,8.28,36,3
NORTH AMERICA,CLIMBING,CRAMPONS,2024-11,500,15,80,5
NORTH AMERICA,CLIMBING,HARNESSES,2023-03,1938,58.14,204,17
NORTH AMERICA,CLIMBING,HELMETS,2024-12,536,5.36,96,8
NORTH AMERICA,CLIMBING,ICE AXES,2022-12,1036,155.4,76,4
NORTH AMERICA,CLIMBING,ICE AXES,2023-04,1095,153.3,30,5
NORTH AMERICA,CLIMBING,ICE AXES,2024-09,2140,107,200,20
NORTH AMERICA,CLIMBING,MOUNTAINEERING BOOTS,2021-11,3878,77.56,168,14
NORTH AMERICA,CLIMBING,MOUNTAINEERING BOOTS,2022-11,2150,322.5,30,5
NORTH AMERICA,CLIMBING,OTHER,2024-12,406,40.6,266,14
NORTH AMERICA,CLIMBING,ROPES & SLINGS,2022-06,1856,167.04,88,8
NORTH AMERICA,CLIMBING,ROPES & SLINGS,2024-03,2783,333.96,77,11
NORTH AMERICA,CLIMBING,TRAINING EQUIPMENT,2022-06,2466,73.98,306,18
NORTH AMERICA,CLIMBING,TRAINING EQUIPMENT,2022-07,380,30.4,247,19
NORTH AMERICA,FOOTWEAR,HIKING BOOTS,2021-07,110,12.1,12,1
NORTH AMERICA,FOOTWEAR,HIKING BOOTS,2023-05,1495,194.35,78,13
NORTH AMERICA,FOOTWEAR,HIKING BOOTS,2023-07,4123,329.84,152,19
NORTH AMERICA,FOOTWEAR,OTHER,2022-09,1190,23.8,136,17
NORTH AMERICA,FOOTWEAR,OTHER,2023-10,485,67.9,80,5
NORTH AMERICA,FOOTWEAR,OTHER,2024-11,162,11.12,52,6
NORTH AMERICA,FOOTWEAR,SANDALS,2021-03,456,63.84,240,12
NORTH AMERICA,FOOTWEAR,SANDALS,2022-05,46,6.9,18,1
NORTH AMERICA,FOOTWEAR,SANDALS,2022-09,1330,119.7,209,19
NORTH AMERICA,FOOTWEAR,SANDALS,2022-10,688,103.2,160,16
NORTH AMERICA,FOOTWEAR,TRAIL SHOES,2021-10,708,21.24,90,6
NORTH AMERICA,FOOTWEAR,TRAIL SHOES,2022-06,158,1.58,16,2
NORTH AMERICA,FOOTWEAR,TRAIL SHOES,2022-07,134,4.02,36,2
NORTH AMERICA,FOOTWEAR,TRAIL SHOES,2023-11,770,115.5,165,11
NORTH AMERICA,FOOTWEAR,TRAIL SHOES,2024-09,291,11.64,36,3
NORTH AMERICA,FOOTWEAR,WINTER BOOTS,2023-01,775,85.25,65,5
NORTH AMERICA,FOOTWEAR,WINTER BOOTS,2023-04,3021,332.31,304,19
NORTH AMERICA,TRAVEL,CARRY-ONS,2022-02,540,64.8,40,5
NORTH AMERICA,TRAVEL,CARRY-ONS,2023-07,312,24.96,42,6
NORTH AMERICA,TRAVEL,DUFFEL BAGS,2023-01,53,0.53,5,1
NORTH AMERICA,TRAVEL,EYE MASKS,2021-07,182,14.95,312,26
NORTH AMERICA,TRAVEL,EYE MASKS,2023-12,30,1.8,102,6
NORTH AMERICA,TRAVEL,EYE MASKS,2024-05,104,12.48,40,8
NORTH AMERICA,TRAVEL,OTHER,2021-04,160,19.2,120,20
NORTH AMERICA,TRAVEL,OTHER,2021-06,792,7.92,324,18
NORTH AMERICA,TRAVEL,OTHER,2022-06,50,3,10,1
NORTH AMERICA,TRAVEL,PACKING ORGANIZERS,2021-02,504,70.56,240,12
NORTH AMERICA,TRAVEL,PACKING ORGANIZERS,2022-01,840,126,140,20
NORTH AMERICA,TRAVEL,PACKING ORGANIZERS,2024-04,380,15.2,152,19
NORTH AMERICA,TRAVEL,PACKING ORGANIZERS,2024-09,252,7.56,162,9
NORTH AMERICA,TRAVEL,SECURITY,2023-01,210,21,300,15
NORTH AMERICA,TRAVEL,SECURITY,2023-02,204,20.4,45,3
NORTH AMERICA,TRAVEL,SECURITY,2024-06,100,2,50,10
NORTH AMERICA,TRAVEL,TRAVEL ACCESSORIES,2024-03,722,28.88,114,19
NORTH AMERICA,TRAVEL,TRAVEL BACKPACKS,2023-01,274,27.4,26,2
NORTH AMERICA,TRAVEL,TRAVEL BACKPACKS,2023-06,1440,28.8,120,8
NORTH AMERICA,TRAVEL,TRAVEL BACKPACKS,2023-09,1206,144.72,216,18
NORTH AMERICA,TRAVEL,TRAVEL BACKPACKS,2024-01,1352,13.52,40,8
NORTH AMERICA,TRAVEL,TRAVEL PILLOWS,2022-06,28,0,14,2
NORTH AMERICA,WATER SPORTS,ACCESSORIES,2021-11,35,1.05,12,1
NORTH AMERICA,WATER SPORTS,ACCESSORIES,2024-11,686,27.44,154,14
NORTH AMERICA,WATER SPORTS,KAYAKS,2021-02,6417,64.17,135,9
NORTH AMERICA,WATER SPORTS,KAYAKS,2024-10,6643,66.43,77,7
NORTH AMERICA,WATER SPORTS,PADDLES,2021-01,1179,94.32,90,9
NORTH AMERICA,WATER SPORTS,PADDLES,2021-08,2717,271.7,114,19
NORTH AMERICA,WATER SPORTS,PADDLES,2022-01,172,10.32,40,4
NORTH AMERICA,WATER SPORTS,PADDLES,2024-08,645,90.3,195,15
NORTH AMERICA,WATER SPORTS,RASH GUARDS,2022-06,144,21.6,48,6
NORTH AMERICA,WATER SPORTS,RASH GUARDS,2024-01,132,7.92,28,2
NORTH AMERICA,WATER SPORTS,SAFETY GEAR,2024-01,576,51.84,64,8
NORTH AMERICA,WATER SPORTS,SURF ACCESSORIES,2021-09,66,4.62,10,2
NORTH AMERICA,WATER SPORTS,SURF ACCESSORIES,2022-02,32,4.8,17,1
NORTH AMERICA,WATER SPORTS,SURF ACCESSORIES,2023-08,92,8.28,7,1
NORTH AMERICA,WATER SPORTS,SURF ACCESSORIES,2024-10,1520,167.2,320,20
NORTH AMERICA,WATER SPORTS,SURFBOARDS,2021-06,7920,237.6,380,20
NORTH AMERICA,WATER SPORTS,TACKLE,2022-06,333,46.62,108,9
NORTH AMERICA,WATER SPORTS,WADERS,2022-12,3281,229.67,306,17
NORTH AMERICA,WATER SPORTS,WADERS,2024-09,376,48.88,24,4
NORTH AMERICA,WATER SPORTS,WETSUITS,2022-05,253,20.24,16,1
NORTH AMERICA,WINTER SPORTS,ACCESSORIES,2023-03,384,42.24,168,12
NORTH AMERICA,WINTER SPORTS,BINDINGS,2023-03,795,79.5,27,3
NORTH AMERICA,WINTER SPORTS,BINDINGS,2023-12,1490,178.8,45,5
NORTH AMERICA,WINTER SPORTS,BINDINGS,2024-05,3240,129.6,240,12
NORTH AMERICA,WINTER SPORTS,BINDINGS,2024-10,4048,323.84,256,16
NORTH AMERICA,WINTER SPORTS,HELMETS,2021-04,972,0,162,9
NORTH AMERICA,WINTER SPORTS,HELMETS,2024-11,66,9.24,8,1
NORTH AMERICA,WINTER SPORTS,OTHER,2023-07,67,1.34,18,1
NORTH AMERICA,WINTER SPORTS,OTHER,2024-05,880,88,110,10
NORTH AMERICA,WINTER SPORTS,OTHER,2024-08,114,1.14,26,2
NORTH AMERICA,WINTER SPORTS,POLES,2024-02,299,17.94,156,13
NORTH AMERICA,WINTER SPORTS,POLES,2024-06,1092,109.2,60,12
NORTH AMERICA,WINTER SPORTS,SKI POLES,2022-08,324,29.16,48,3
NORTH AMERICA,WINTER SPORTS,SKIS,2022-05,11856,1185.6,190,19
NORTH AMERICA,WINTER SPORTS,SKIS,2023-06,13140,1051.2,280,20
NORTH AMERICA,WINTER SPORTS,SKIS,2023-11,5643,451.44,154,11
NORTH AMERICA,WINTER SPORTS,SKIS,2024-04,4480,0,120,8
NORTH AMERICA,WINTER SPORTS,SNOWBOARD BOOTS,2022-03,840,42,60,3
NORTH AMERICA,WINTER SPORTS,SNOWBOARD BOOTS,2024-04,3150,252,195,15
NORTH AMERICA,WINTER SPORTS,SNOWBOARDS,2023-01,11660,233.2,140,20
NORTH AMERICA,WINTER SPORTS,SNOWBOARDS,2024-09,5784,462.72,96,8
NORTH AMERICA,WINTER SPORTS,SNOWSHOES,2022-01,3043,426.02,238,17
NORTH AMERICA,WINTER SPORTS,SNOWSHOES,2022-12,585,76.05,50,5
NORTH AMERICA,WINTER SPORTS,SNOWSHOES,2024-10,1940,220.2,133,16
,,,,,,,